% Encoding: UTF-8

@book{POCBook,
  author = {周炯{\CJKfontspec{楷体}槃}.庞沁华.续大我.吴伟陵.杨鸿文}, 
  title = {通信原理},
  publisher = {北京邮电大学出版社},
  year = 2015,
  volume = 5,
  edition = 4,
  isbn = {7563544275}
}

@book{ssmat,
  author = {梁虹}, 
  title = {信号与系统分析及MATLAB实现},
  publisher = {电子工业出版社},
  year = 2001,
  volume = 9,
  edition = 1,
  isbn = {7505374540}
}

@misc{enwiki:1,
  author = {{Wikipedia contributors}},
  title  = {Bipolar encoding{,} The Free Encyclopedia},
  year   = {2020},
  url    = {https://en.wikipedia.org/wiki/Bipolar_encoding#Alternate_mark_inversion},
  note   = {[Online; accessed 27-May-2022]}
}

@misc{enwiki:2,
  author = {{Wikipedia contributors}},
  title  = {Modified AMI code{,} The Free Encyclopedia},
  year   = {2021},
  url    = {https://en.wikipedia.org/wiki/Modified_AMI_code},
  note   = {[Online; accessed 27-May-2022]}
}


@Comment{jabref-meta: databaseType:bibtex;}
